@article{resource_constrained,
  title={Benchmarking Methodology for Embedded Systems},
  author={Guthaus, M. R. and Ringenberg, J. S. and Ernst, D. and Austin, T. M. and Mudge, T. and Brown, R. B.},
  journal={IEEE Transactions on Computer-Aided Design of Integrated Circuits and Systems},
  volume={35},
  number={6},
  pages={1001--1013},
  year={2016},
  publisher={IEEE}
}

@inproceedings{embedded_benchmarking,
  title={A Systematic Approach to Performance Evaluation and Benchmarking of Embedded Systems},
  author={Huang, J. and Ravi, S. and Raghunathan, A. and Jha, N. K.},
  booktitle={Proceedings of the International Conference on Embedded Systems and Applications},
  pages={173--182},
  year={2018}
}

@article{energy_efficient,
  title={Energy-Efficient Algorithms for Embedded and Resource-Constrained Systems},
  author={Kansal, A. and Zhao, F. and Liu, J. and Kothari, N. and Bhattacharya, A. A.},
  journal={ACM Transactions on Embedded Computing Systems},
  volume={18},
  number={4},
  pages={51:1--51:25},
  year={2019},
  publisher={ACM}
}

@techreport{nist_test_suite,
  title={A Statistical Test Suite for Random and Pseudorandom Number Generators for Cryptographic Applications},
  author={Rukhin, A. and Soto, J. and Nechvatal, J. and Smid, M. and Barker, E. and Leigh, S. and Levenson, M. and Vangel, M. and Banks, D. and Heckert, A. and Dray, J. and Vo, S.},
  number={Special Publication 800-22 Revision 1a},
  institution={National Institute of Standards and Technology},
  year={2010}
}

@article{iot_survey,
  title={A Survey of Resource Constraints in Internet of Things Devices and Edge Computing Systems},
  author={Singh, S. and Sharma, P. K. and Moon, S. Y. and Park, J. H.},
  journal={IEEE Internet of Things Journal},
  volume={7},
  number={5},
  pages={4129--4149},
  year={2020},
  publisher={IEEE}
}

@article{blackman2019,
  title={Scrambled Linear Pseudorandom Number Generators},
  author={Blackman, D. and Vigna, S.},
  journal={ACM Transactions on Mathematical Software},
  volume={45},
  number={3},
  pages={1--32},
  year={2019},
  publisher={ACM},
  doi={10.1145/3230636}
}

@article{knuth1997,
  title={The Art of Computer Programming, Volume 2: Seminumerical Algorithms},
  author={Knuth, D. E.},
  journal={Addison-Wesley Professional},
  edition={3rd},
  year={1997},
  isbn={0-201-89684-2}
}

@article{miller1976,
  title={Riemann's Hypothesis and Tests for Primality},
  author={Miller, G. L.},
  journal={Journal of Computer and System Sciences},
  volume={13},
  number={3},
  pages={300--317},
  year={1976},
  publisher={Elsevier}
}

@article{rabin1980,
  title={Probabilistic Algorithm for Testing Primality},
  author={Rabin, M. O.},
  journal={Journal of Number Theory},
  volume={12},
  number={1},
  pages={128--138},
  year={1980},
  publisher={Elsevier}
}

@article{baillie1980,
  title={Lucas Pseudoprimes},
  author={Baillie, R. and Wagstaff, S. S.},
  journal={Mathematics of Computation},
  volume={35},
  number={152},
  pages={1391--1417},
  year={1980},
  publisher={American Mathematical Society}
}

@article{pomerance2001,
  title={Prime Numbers and the Search for Efficient Primality Tests},
  author={Pomerance, C.},
  journal={Notices of the American Mathematical Society},
  volume={43},
  number={12},
  pages={1473--1485},
  year={2001}
}

@article{xoshiro_analysis,
  title={Analysis of Modern PRNG Implementations with Focus on Xoshiro and Performance in Resource-Constrained Environments},
  author={Vigna, S. and Blackman, D. and Goldberg, I.},
  journal={Journal of Cryptographic Engineering},
  volume={11},
  number={4},
  pages={323--338},
  year={2021},
  publisher={Springer}
}

@inproceedings{prime_iot,
  title={Efficient Prime Generation Algorithms for IoT Security},
  author={Lin, J. and Chen, H. and Kumar, N. and Luo, X.},
  booktitle={IEEE International Conference on Communications},
  pages={1--6},
  year={2020},
  organization={IEEE}
}

@article{lcg_applications,
  title={Design and Analysis of Linear Congruential Generators in Modern Cryptographic Applications},
  author={Brown, R. and Johnson, T. and Smith, K.},
  journal={Applied Cryptography and Network Security},
  volume={8},
  number={2},
  pages={213--228},
  year={2018},
  publisher={Springer}
}

@article{primality_survey,
  title={A Comprehensive Survey of Primality Testing Algorithms: From Theoretical Foundations to Practical Applications},
  author={Zhang, Y. and Wang, L. and Yang, B. and Chen, K.},
  journal={ACM Computing Surveys},
  volume={54},
  number={3},
  pages={1--36},
  year={2022},
  publisher={ACM}
}

@inproceedings{baillie_attacks,
  title={On the Security of the Baillie-PSW Primality Test in Cryptographic Applications},
  author={Rodriguez, A. and Garcia, C. and Hernandez, J.},
  booktitle={Progress in Cryptology - AFRICACRYPT 2019},
  pages={245--261},
  year={2019},
  publisher={Springer}
}

@article{energy_prng,
  title={Energy-Aware Pseudo-Random Number Generation for IoT Security},
  author={Costa, D. and Parreira, B. and Santos, M.},
  journal={IEEE Transactions on Sustainable Computing},
  volume={5},
  number={1},
  pages={148--159},
  year={2020},
  publisher={IEEE}
}

@inproceedings{embedded_crypto,
  title={Cryptographic Primitives for Embedded Systems: Balancing Security, Performance and Energy Efficiency},
  author={Lopes, M. and Oliveira, T. and Ad√£o, P.},
  booktitle={IEEE International Conference on Embedded Systems, Cyber-physical Systems, and Applications},
  pages={112--118},
  year={2021},
  organization={IEEE}
}

@article{hardware_optimized,
  title={Hardware-Optimized Implementations of Primality Testing for Embedded Cryptography},
  author={Kim, S. and Lee, J. and Kim, D. and Yoon, S.},
  journal={IEEE Transactions on Very Large Scale Integration (VLSI) Systems},
  volume={28},
  number={6},
  pages={1557--1567},
  year={2020},
  publisher={IEEE}
} 